@article{罗杰2012基于,
  title={基于 GCC 的 YHFT-Matrix 编译器关键技术研究与实现},
  author={罗杰},
  year={2012}
}

@article{AlfredV.Aho2009编译,
   title = {编译原理},
   author = {Alfred V.Aho and Monica S.Lam and Ravi Sethi and Jeffery D.Ullman},
   Year = {2009}
}

@inproceedings{张银发2004用,
  title={用 MASM32 实现 Windows 汇编语言程序设计},
  author={张银发 and 丁震},
  year={2004}
}